@article{Abowd20222020,
	author = {Abowd, John and Ashmead, Robert and Cumings-Menon, Ryan and Garfinkel, Simson and Heineck, Micah and Heiss, Christine and Johns, Robert and Kifer, Daniel and Leclerc, Philip and Machanavajjhala, Ashwin and Moran, Brett and Sexton, William and Spence, Matthew and Zhuravlev, Pavel},
	journal = {Harvard Data Science Review},
	number = {Special Issue 2},
	year = {2022},
	month = {jun 24},
	publisher = {The MIT Press},
	title = {The 2020 {Census} {Disclosure} {Avoidance} {System} {TopDown} {Algorithm}},
	volume = { },
  doi = {10.1162/99608f92.529e3cb9},
  url = {https://doi.org/10.1162/99608f92.529e3cb9}

}

@article{petti2019differential,
  title={Differential privacy in the 2020 {US} census: What will it do? {Q}uantifying the accuracy/privacy tradeoff},
  author={Petti, Samantha and Flaxman, Abraham},
  journal={Gates Open Research},
  volume={3},
  year={2019},
  publisher={Gates Foundation-Open Access},
  doi = {10.12688/gatesopenres.13089.2},
  url = {https://doi.org/10.12688/gatesopenres.13089.2}

}

@misc{abbottletter,
    author = {Abbott, Greg},
    year={2022},
    title = {{Letter to {M}asters}},
    date = {2022-02-22},
    organization = {State of Texas},
    url = {https://www.documentcloud.org/documents/21272649-abbott-letter-to-masters}
}

@misc{whfactsheet,
    author = {{White House}},
    year={2022},
    title = {{FACT SHEET}: {Biden-⁠Harris} Administration Advances Equality and Visibility for Transgender {Americans}},
    date = {2022-03-31},
    organization = {United States Government},
    url={https://www.whitehouse.gov/briefing-room/statements-releases/2022/03/31/fact-sheet-biden-harris-administration-advances-equality-and-visibility-for-transgender-americans/}
}

@article{levitt2019citizenship,
  title={Citizenship and the {C}ensus},
  author={Levitt, Justin},
  journal={Columbia Law Review},
  volume={119},
  number={5},
  pages={1355--1398},
  year={2019},
  url={https://columbialawreview.org/wp-content/uploads/2019/07/Levitt-CITIZENSHIP_AND_THE_CENSUS.pdf}
}
@article{baum2022sensitive,
  title={Sensitive Questions, Spillover Effects, and Asking about Citizenship on the {US} {C}ensus},
  author={Baum, Matthew A and Dietrich, Bryce J and Goldstein, Rebecca and Sen, Maya},
  journal={The Journal of Politics},
  volume={84},
  number={3},
  pages={1869--1873},
  year={2022},
  publisher={The University of Chicago Press Chicago, IL},
  doi = {10.1086/716288},
  url = {https://doi.org/10.1086/716288}
}


@book{canaday2009straight,
url = {https://doi.org/10.1515/9781400830428},
title = {The Straight State: Sexuality and Citizenship in Twentieth-Century America},
author = {Margot Canaday},
publisher = {Princeton University Press},
address = {Princeton},
doi = {doi:10.1515/9781400830428},
isbn = {9781400830428},
year = {2009},
lastchecked = {2024-08-02}
}


@article{singer2015profusion,
  title={The profusion of things: the “transgender matrix” and demographic imaginaries in {US} public health},
  author={Singer, T Benjamin},
  journal={Transgender Studies Quarterly},
  volume={2},
  number={1},
  pages={58--76},
  year={2015},
  publisher={Duke University Press},
  doi = {10.1215/23289252-2848886},
  url = {https://doi.org/10.1215/23289252-2848886}
}

@article{slothouber2020trans,
  title={({D}e)trans visibility: moral panic in mainstream media reports on de/retransition},
  author={Slothouber, Van},
  journal={European Journal of English Studies},
  volume={24},
  number={1},
  pages={89--99},
  year={2020},
  publisher={Taylor \& Francis},
  doi = {10.1080/13825577.2020.1730052},
  url = {https://doi.org/10.1080/13825577.2020.1730052}

}

@article{thompson2012making,
  title={Making (mixed-)race: census politics and the emergence of multiracial multiculturalism in the {U}nited {S}tates, {G}reat {B}ritain and {C}anada},
  author={Thompson, Debra},
  journal={Ethnic and Racial Studies},
  volume={35},
  number={8},
  pages={1409--1426},
  year={2012},
  publisher={Taylor \& Francis},
  doi = {10.1080/01419870.2011.556194},
  url = {https://doi.org/10.1080/01419870.2011.556194}
}

@techreport{abowd2019census,
  title={Census {TopDown}: Differentially Private Data, Incremental Schemas, and Consistency with Public Knowledge},
  author={Abowd, John and Kifer, Daniel and Moran, Brett and Ashmead, Robert and Leclerc, Philip and Sexton, William and Garfinkel, Simson and Machanavajjhala, Ashwin},
  institution={U.S. Census Bureau},
  year={2019}
}

@techreport{garfinkel2019end,
  title={2018 END-TO-END TEST DISCLOSURE AVOIDANCE SYSTEM DESIGN SPECIFICATION},
  author={Garfinkel, Simpson and others},
  institution={U.S. Census Bureau},
  year={2019},
  url = {https://www2.census.gov/census_1940/2018-End-to-End-Test-Disclosure-Avoidance-System-Design-Specification.pdf},
}

@techreport{census2022demonstration,
  title={2010 Demonstration Data for the {D}emographic and {H}ousing {C}haracteristics File ({DHC}) (v. 2022-03-16)},
  author={{U.S. Census Bureau}},
  year={2022},
  url={https://www2.census.gov/programs-surveys/decennial/2020/program-management/data-product-planning/2010-demonstration-data-products/02-Demographic_and_Housing_Characteristics/2022-03-16_Summary_File/},
  institution={U.S. Census Bureau},
}

@techreport{census2023demonstration,
  title={2010 Demonstration Data for the {D}emographic and {H}ousing {C}haracteristics File ({DHC}) (v. 2023-04-03)},
  author={{U.S. Census Bureau}},
  year={2023},
  url={https://www2.census.gov/programs-surveys/decennial/2020/program-management/data-product-planning/2010-demonstration-data-products/04-Demonstration_Data_Products_Suite/2023-04-03/},
  institution={U.S. Census Bureau},
}


@techreport{census2022bdemonstration,
  title={2010 Demonstration Data for the {D}emographic and {H}ousing {C}haracteristics File ({DHC}) (v. 2022-08-25)},
  author={{U.S. Census Bureau}},
  year={2022},
  url={https://www2.census.gov/programs-surveys/decennial/2020/program-management/data-product-planning/2010-demonstration-data-products/02-Demographic_and_Housing_Characteristics/2022-08-25_Summary_File/
},
  institution={U.S. Census Bureau},
}

@techreport{brfss2019,
  title={2019 {BRFSS} Survey Data and Documentation},
  author={{National Center for Chronic Disease Prevention and Health Promotion, Division of Population Health}},
  year={2019},
  url={https://www.cdc.gov/brfss/annual_data/annual_2019.html},
  institution={U.S. Centers for Disease Control and Prevention},
}
